
@PhDThesis{Zwicky86,
	author = {Matthias Zwicky},
	title  ={Zur Isolierfestigkeit von Schwefelhexafluorid (SF{$_6$}) bei Wechselspannung variabeler Frequenz (30 bis 200 Hz)},
	year = {1986},
	school = {ETH Zürich}
}

@Article{WiegartAndCo,
	author = {N. Wiegart and L. Niemeyer and F. Pinnekamp and W. Boeck and J. Kindersberger and R. Morrow and W. Zaengl and M. Zwicky and I. Gallimberti and S.A. boggs},
	title = {Inhomogeneous Field Breakdown in GIS -- The Prediction of Breakdown Probabilites and Voltages},
	year  ={1988},
	journal = {IEEE Transactions on Power Delivery}
}
	
@Inproceedings{WetzlerBandwith,
	author = {J.M. Wetzler and C. Wen and P.C.T. van der Laan},
	title  ={Bandwidth Limitations of Gap Current Measurements},
	year = {1988},
	pages = {355--358},
	booktitle = {conference record of the 1988 IEEE International Symposium on electrical Insulation}
}