
\usepackage[backend=biber]{biblatex}
\begin{filecontents}{Literature.bib}
@book{FaerberMVISS,
    author      =   {Raphael,F\"arber},
    title       =   {Project: MVISS Mixed Voltage Insulation Stress Study, Technical Report},
    address     =   {Zurich},
    year        =   {2015}}

@article{FearberIntandNoise,
    author      =   {Raphael,F\"arber},
    title       =   {Integration and Noise in Dielectric Spectroscopy},
    address     =   {Zurich},
    year        =   {2016}}

@book{Kuchler,
	author = {K{\"{u}}chler, Andreas},
	title  = {Hochspannungstechnik; Grundlagen - Technologie - Anwendungen},
	journal =  {Springer-Verlag, 3. Auflage}
	year    =  {2009}}

@book{Kramer,
	author = {Kremer, F. and Sch{\"{o}}nhals, A.},
	title  = {Boradband Dielectric Spectroscopy},
	journal =  {Springer-Verlag}
	year    =  {2003}}

@article{FastVoltageStresses,
	author = {Bengtsson, T. and Dijkhuizen, F.},
	title  = {Repetitive Fast Voltage Stresses- Causes and Effects},
	journal = {IEEE Electrical Insulation Magazine},
	year	= {2009}}


\end{filecontents}
